@article{wfcp,
	title = "Optimizing wind farm cable routing considering power losses",
	keywords = "Metaheuristics, Mixed-Integer Linear Programming, Matheuristics, Wind farm optimization, Benchmark instances",
	author = "Fischetti, Martina and Pisinger, David",
	year = "2018",
	doi = "10.1016/j.ejor.2017.07.061",
	volume = "270",
	pages = "917--930",
	journal = "European Journal of Operational Research",
	issn = "0377-2217",
	publisher = "Elsevier BV",
	url = {http://orbit.dtu.dk/files/126231483/TechRep_FischettiPisinger.pdf},
    	urldate = {2018-07-07},
	number = "3",
}

@book{ricop,
	title = "Lezioni di ricerca operativa.",
	author = "Fischetti, Matteo",
	year = "1995",
	publisher = "Edizioni Libreria Progetto Padova",
}

@phdthesis{nedlin2017ant,
  title = {Ant-based Algorithms for the Wind Farm Cable Layout Problem},
  author = {Nedlin, Jakob},
  year = {2017},
  school = {Informatics Institute},
  url = {https://i11www.iti.kit.edu/_media/teaching/theses/ba-nedlin-17.pdf},
  urldate = {2018-07-07},
}
